<?xml version="1.0" encoding="UTF-8"?><collection xmlns="http://www.loc.gov/MARC21/slim"><record><leader>00289nam--2200121-i-4500</leader><controlfield tag="001">000038486</controlfield><controlfield tag="002">20161230</controlfield><controlfield tag="005">20161230201041</controlfield><controlfield tag="008">060222s1000------------r-----000-0-eng-d</controlfield><datafield ind1=" " ind2=" " tag="100"><subfield code="a">Redman,L.A</subfield></datafield><datafield ind1=" " ind2=" " tag="245"><subfield code="a">Nuclear energy</subfield></datafield><datafield ind1=" " ind2=" " tag="260"><subfield code="a">Oxford, Oxford Univ.Press, 1963. Ix + 102 P</subfield></datafield><datafield ind1=" " ind2=" " tag="852"><subfield code="a">19736</subfield></datafield></record></collection>